@techreport{shewchuk,
  title={Delaunay refinement mesh generation},
  author={Shewchuk, Jonathan R},
  year={1997},
  institution={DTIC Document}
}

@techreport{shewchuk2,
  title={Delaunay Refinement Algorithms for Triangular Mesh Generation},
  author={Shewchuk, Jonathan R},
  year={2001},
  institution={University of California at Berkeley}
}

@misc{code:Chew,
title = {Voronoi/Delaunay Applet},
author = "L. Paul Chew",
url = "http://www.cs.cornell.edu/home/chew/chew.html",
year = "2007"
}

@article{art:Rand2011,
	author = "Alexander Rand",
	title = "Where and How Chew's Second Delaunay Refinement Algorithm Works",
	journal = "CCCG Toronoto",
	year = "2011"
}

@BOOK{book:RA,
	AUTHOR = "Rajeev Motwani and Prabhakar Raghavan",
	TITLE = "Randomized Algorithms",
	PUBLISHER = "Cambridge University Press",
	PAGES = {417-425},
	YEAR = "2007"	}

@misc{img:airfoilImage,
title = "Image extracted from Delaundo: cerfacs.fr",
author = "J.-D. Miller",
url = "http://www.cerfacs.fr/~muller/delaundo.html"
}

@article{art:Bowyer1981,
	author = "Adrian Bowyer",
	title = "Computing Dirichlet Tessellations",
	journal = "Computer Journal",
	year = "1981",
	pages = "162-166",
	volume = "24",
	number = "3"
}

@article{art:Watson1981,
	author = "David F. Watson",
	title = "Computing the n-dimensional {D}elaunay {T}essellation with {A}pplication to {V}oronoi {P}olytopes",
	journal = "Computer Journal",
	year = "1981",
	pages = "167-172",
	volume = "24",
	number = "3"
}

@article{art:Delaunay1934,
	author = "Boris N. Delaunay",
	title = "Sur la {S}phère {V}ide",
	journal = "Izvestia Akademia Nauk SSSR, VII Seria, Otdelenie Matem-aticheskii i Estestvennyka Nauk",
	year = "1934",
	pages = "793-800",
	volume = "7"
}
